<?xml version="1.0" encoding="UTF-8"?><collection xmlns="http://www.loc.gov/MARC21/slim"><record><leader>00557nam--2200193-i-4500</leader><controlfield tag="001">000032237</controlfield><controlfield tag="002">20161230</controlfield><controlfield tag="005">20161230201039</controlfield><controlfield tag="008">060222s1000------------r-----000-0-eng-d</controlfield><datafield ind1=" " ind2=" " tag="040"><subfield code="a">IFIN-HH</subfield></datafield><datafield ind1=" " ind2=" " tag="080"><subfield code="a">539.14</subfield></datafield><datafield ind1="1" ind2=" " tag="100"><subfield code="a">Mayer, Maria Goeppert</subfield></datafield><datafield ind1="1" ind2="0" tag="245"><subfield code="a">Elementary theory of nuclear shell structure</subfield><subfield code="c">Maria goeppert mayer, hans d. jensen</subfield></datafield><datafield ind1=" " ind2=" " tag="260"><subfield code="a">New York</subfield><subfield code="b">John Wiley &amp; Sons, Inc</subfield><subfield code="c">1955</subfield></datafield><datafield ind1=" " ind2=" " tag="300"><subfield code="a">XIV + 269P</subfield></datafield><datafield ind1=" " ind2=" " tag="490"><subfield code="a">Structure Of Matter Series</subfield></datafield><datafield ind1="1" ind2=" " tag="700"><subfield code="a">Jensen, Hans D</subfield></datafield><datafield ind1=" " ind2=" " tag="852"><subfield code="a">10840</subfield><subfield code="c">539.14</subfield></datafield><datafield ind1=" " ind2=" " tag="CAT"><subfield code="a">Sys</subfield><subfield code="c">20120321</subfield><subfield code="h">121153</subfield></datafield></record></collection>